@book{russell2010artificial,
  title={Artificial Intelligence: A Modern Approach},
  author={Russell, S.J. and Norvig, P.},
  isbn={9780136042594},
  lccn={2011288031},
  series={Prentice Hall series in artificial intelligence},
  url={http://books.google.ru/books?id=8jZBksh-bUMC},
  year={2010},
  publisher={Prentice Hall}
}
@book{ghallab2004automated,
  title={Automated Planning: Theory \& Practice},
  author={Ghallab, M. and Nau, D. and Traverso, P.},
  isbn={9780080490519},
  lccn={2003064381},
  series={The Morgan Kaufmann Series in Artificial Intelligence},
  url={http://books.google.ru/books?id=uYnpze57MSgC},
  year={2004},
  publisher={Elsevier Science}
}
@book{blum1995fast,
  title={Fast Planning Through Planning Graph Analysis},
  author={Blum, A. and Furst, M.L.},
  number={Ñ‚. 95-221},
  series={Fast planning through planning graph analysis},
  url={http://books.google.ru/books?id=No\_dngEACAAJ},
  year={1995},
  publisher={School of Computer Science, Carnegie Mellon University}
}
